@ARTICLE{4309314,
  author={Haralick, Robert M. and Shanmugam, K. and Dinstein, Its'Hak},
  journal={IEEE Transactions on Systems, Man, and Cybernetics}, 
  title={Textural Features for Image Classification}, 
  year={1973},
  volume={SMC-3},
  number={6},
  pages={610-621},
  doi={10.1109/TSMC.1973.4309314}}

@online{haralickTexture,
    title={Haralick Texture},
    note={Disponível em: \url{http://wiki.awf.forst.uni-goettingen.de/wiki/index.php/Haralick_Texture}}
}

@online{mahotasClassification,
    title={Tutorial: Classification Using Mahotas},
    note={Disponível em: \url{https://mahotas.readthedocs.io/en/latest/classification.html}}
}

@online{gogul,
    title={Texture Recognition using Haralick Texture and Python},
    note={Disponível em: \url{https://gogul.dev/software/texture-recognition}}
}

@online{scikitLearn,
    title={Support vector machines (SVMs)},
    note={Disponível em: \url{https://scikit-learn.org/stable/modules/svm.html}}
}
