% ---------- referências de ex-alunos ----------
@article{noronha:21,
  author = {M. D. M. Noronha and C. N. Nobre and M. A. J. Song and L. E. Zárate},
  title = {A Longitudinal Data Analysis Approach Based on Triadic Concepts for Identifying Rules that Characterize Longevity Profiles},
  journal={Symposium on Knowledge Discovery, Mining and Learning, KDMILE},
  year={2021},
  volume={},
  number={},
  pages={},
}

@article{mendes:21,
  author = {Henrique F. V. Mendes and Cristiane N. Nobre and Mark A. J. Song and Luis E. Zárate},
  title = {Regras Triádicas para Explicabilidade do Tratamento de Parkinson - Uma Estratégia para descrever Bases de Dados Longitudinais},
  journal={Symposium on Knowledge Discovery, Mining and Learning, KDMILE},
  year={2021},
  volume={},
  number={},
  pages={},
}

% ---------- base de dados analisada ----------
@article{KIM2019103967,
    title = {Longitudinal small and medium enterprise (SME) data on survival, research and development (R\&D) investment, and patent applications in Korea's innovation clusters from 2008 to 2014},
    journal = {Data in Brief},
    volume = {25},
    pages = {103967},
    year = {2019},
    issn = {2352-3409},
    doi = {https://doi.org/10.1016/j.dib.2019.103967},
    url = {https://www.sciencedirect.com/science/article/pii/S2352340919303208},
    author = {Byung-Keun Kim and JungTae Hwang},
    keywords = {Firm survival, Innovation cluster, Longitudinal data, Recession period},
    abstract = {This article contains survey data from 588 firms on 1) their length of survival, 2) technological innovation related information, such as research and development (R&D) investment, research manpower, and the number of patent applications, along with 3) other basic data on firm size and affiliated industry sector. The dataset was extracted from firms residing in three different innovation cluster regions of Korea. All the data in this article are based on firm level questionnaire in the innovation cluster regions, with the exception of the firm survival information extracted from the National Tax Service of Korea and industry information from “Statistics Korea”. The related research article using the current dataset was published under the following title: “Does R&D investment increase SME survival during a recession?” Jung et al., 2018.}
}

% ---------- fundamentação teórica ----------
@article{wille:95,
  author = 	 {Wille, R.},
  title = 	 {The basic theorem of triadic concept analysis},
  journal={Order 12},
  year={1995},
  volume={2},
  number={},
  pages={149-158},
}

@InCollection{lehmann:95,
  author = {Lehmann, F. and Wille, R.},
  title = {A triadic approach to formal concept analysis},
  booktitle = {Conceptual Structures: Applications,Implementation and Theory},
  publisher = {Springer Berlin Heidelberg},
  year = {1995},
  editor = {G. Ellis and R. Levinson and W. Rich and J. F. Sowa},
  pages={32-43}
}

@InCollection{biedermann:97,
  author = {Biedermann, K.},
  title = {How triadic diagrams represent conceptual structures},
  booktitle = {Conceptual Structures: Fulfilling PeircesDream Lecture Notes in Computer Science},
  publisher =  {pringer Berlin Heidelberg},
  year = 	 {1997},
  editor = {D. Lukose and H. Delugach and M. Keeler and L. Searle and and J. Sowa},
  pages={304-317}
}

% ---------- aplicações e estudos sobre a análise triádica ----------
@article{dias:21,
  author = {Sérgio M. Dias and Luis E. Zárate},
  title = {FCANN - EXTRAçãO DE CONHECIMENTO DE REDES NEURAIS ARTIFICIAIS ATRAVéS DA ANáLISE FORMAL DE CONCEITOS},
  journal={Anais do IX Congresso Brasileiro de Redes Neurais / Inteligência Computacional (IX CBRN)},
  year={2009},
  volume={9},
  number={},
  pages={},
}

@article{dias:11,
  author = {Sérgio M. Dias and Newton J. Vieira},
  title = {Um Arcabouço para Desenvolvimento de Algoritmos da Análise Formal de Conceitos},
  journal={RITA},
  year={2011},
  volume={18},
  number={1},
  pages={31-57},
}

@article{ferreira:21,
  author = {Lucas Ferreira and Cristiane Nobre and Luis Zárate and Mark Song},
  title = {Study of the evolution of antiemetic treatment through the application of Triadic Formal Concept Analysis},
  journal={Symposium on Knowledge Discovery, Mining and Learning, KDMILE},
  year={2021},
  volume={},
  number={},
  pages={},
}

@article{kaio:21,
  author = {Kaio Henrique Andrade Ananias and Julio Cesar Vale Neves and Luis Enrique Zarate Galvez and Mark Alan Junho Song},
  title = {Uso de BDD's na análise formal de conceitos -estudo de caso trias},
  journal={Brazilian Journal of Development},
  year={2021},
  volume={7},
  number={3},
  pages={33127-33138},
}

% ---------- aplicações de machine learning em estudo de empresas ----------
@article{lima:24,
  author = {Fabiano Guasti Lima and Carolina Trinca Paulino and Luiz Paulo Lopes Fávero},
  title = {ESG E MACHINE LEARNING: O IMPACTO NA PREVISÃO DE INSOLVÊNCIA DE EMPRESAS BRASILEIRAS },
  journal={CONTABILOMETRIA - Brazilian Journal of Quantitative Methods Applied to Accounting},
  year={2024},
  volume={11},
  number={1},
  pages={86-101},
}

@article{falqueto:22,
  author = {FALQUETO, A.A. and CEZAR,L.C.},
  title = {SEGMENTAÇÃO VIA MACHINE LEARNING: PROPOSTA DE CLUSTERIZAÇÃO DE CONSUMIDORES DO E-COMMERCE DE UMA EMPRESA MULTINACIONAL DO VAREJO ESPORTIVO},
  journal={HOLOS},
  year={2022},
  volume={4},
  number={12032},
  pages={1-19},
}

@article{campos:21,
  author = {Tarcio Correia de Campos and Tibério Cesar Lima de Vasconcelos},
  title = {Aplicação de algoritmos de machine learning na área farmacêutica: uma revisão},
  journal={Research, Society and Development},
  year={2021},
  volume={10},
  number={15},
  pages={e140101522862},
}

@article{vidal:20,
    author = {VIDAL, GUILHERME and Scavarda, Luiz and Caiado, Rodrigo},
    year = {2020},
    month = {11},
    pages = {},
    title = {Métodos de apoio multicritério à decisão e modelos de machine learning na gestão de estoques: fundamentos e aplicabilidade},
    journal={Encontro Nacional de Engenharia de Produção},
}
%========================
@article{r21,
  title={Implications in triadic formal contexts},
  author={B Ganter and SA Obiedkov},
  pages={186-195},
  year={2004},
  journal= {ICCS},
}
@article{r31,
  title={A triadic approach to formal concept analysis},
  author={F Lehmann and R Wille},
  pages={32-43},
  year={1995},
  journal= {ICCS},
}
@article{wille1995basic,
  title={The basic theorem of triadic concept analysis},
  author={Wille, Rudolf},
  journal={Order},
  volume={12},
  number={2},
  pages={149--158},
  year={1995},
  publisher={Springer}
}
@article{Singh2011,
author = {Singh, Prem Kumar and Kumar, Cherukuri Aswani and Gani, Abdullah},
doi = {10.1515/amcs-2016-0035},
file = {:Users/pedroruas/Downloads/00001293{\_}122533.pdf:pdf},
issn = {1641876X},
keywords = {concept lattice,formal concept,formal concept analysis,formal context,galois connection},
mendeley-groups = {PhD/Formal Concept Analysis},
number = {2},
pages = {495-516},
title = {{A comprehensive survey on formal concept analysis, its research trends and applications}},
volume = {26},
year = {2016}
}
@Book{ganter2012formal,
  title={Formal concept analysis: mathematical foundations},
  author={Ganter, Bernhard and Wille, Rudolf},
  year={2012},
  publisher={Springer Science \& Business Media}
}

@InProceedings{missaoui2017lattice,
  title={Lattice Miner-A Formal Concept Analysis Tool},
  author={Missaoui, Rokia and Emamirad, Kevin},
  booktitle={14th International Conference on Formal Concept Analysis},
  pages={91},
  year={2017}
}