@Book{knuth:84,
  author = 	 {Donald E. Knuth},
  title = 	 {The {\TeX} Book},
  publisher = 	 {Addison-Wesley},
  year = 	 {1984},
  edition = 	 {15th}
}

@InCollection{boulic:91,
  author = 	 {R. Boulic and O. Renault},
  title = 	 {3D Hierarchies for Animation},
  booktitle = 	 {New Trends in Animation and Visualization},
  publisher =    {John Wiley {\&} Sons ltd.},
  year = 	 {1991},
  editor = 	 {Nadia Magnenat-Thalmann and Daniel Thalmann}
}

@InCollection{smith:99,
  author = 	 {A. Smith and B. Jones},
  title = 	 {On the Complexity of Computing},
  booktitle = 	 {Advances in Computer Science},
  pages = 	 {555--566},
  publisher =    {Publishing Press},
  year = 	 {1999},
  editor = 	 {A. B. Smith-Jones}
}

@techreport{Perceber2,
  author = {Erica Borges Teixeira},
  title = {Perceber 2: Software Educacional de Atividades para o Desenvolvimento da Percepção Visual de Estudantes Autistas Clássicos.},
  institution = {Universidade de Brasília Instituto de Ciências Exatas Departamento de Ciência da Computação},
  year = {2016},
  type = {Monography}
}

@article{leopoldino:17,
  author = 	 {Claudio Bezerra Leopoldino and Pedro Felipe da Costa Coelho},
  title = 	 {O PROCESSO DE INCLUSãO DE AUTISTAS NO MERCADO DE TRABALHO},
  journal={E\&G Economia e Gestão},
  year={2017},
  volume={17},
  number={48},
  pages={141-156},
}

@techreport{schmidt:15,
  author = {VERONICA LANA SCHMIDT},
  title = {INCLUSÃO DE PESSOAS COM TRANSTORNO DO ESPECTRO AUTISTA NO MERCADO DE TRABALHO: BREVE CONTEXTUALIZAçãO},
  institution = {UNIVERSIDADE FEDERAL DE SÃO CARLOS CENTRO DE EDUCAÇÃO E CIÊNCIAS HUMANAS DEPARTAMENTO DE PSICOLOGIA},
  year = {2015},
  type = {Monography}
}